@misc{implql,
  title = {{Implementing Quantlib}},
  author = {Luigi Ballabio},
  howpublished = {\url{http://implementingquantlib.blogspot.com/p/the-book.html}},
}
@misc{mathematica,
  title = {{Mathematica Website}},
  howpublished = {\url{http://www.wolfram.com/mathematica/}},
}
@misc{hqldoc,
  author = {Johan Astborg and Andreas Bock},
  year = {2014},
  title = {{HQL} Documentation},
  howpublished = {\url{github.com/HIPERFIT/HQL}},
}
@misc{Mathematica:DerivativesExpert,
  author = 	 {Sinan Gabel},
  title = 	 {{Derivatives Expert  IV}},
  howpublished =  {\url{http://ifs.dk/DerivativesExpert/}},
}
}
@misc{blogpost,
  author = {Bruce Dawson},
  title = {Comparing Floating Point Numbers, 2012 Edition},
  howpublished = {\url{randomascii.wordpress.com}},
}
@misc{Ame2003, 
  author = {Ferdinando Ametrano and Luigi Ballabio}, 
  title = {QuantLib Website}, 
  howpublished = {\url{quantlib.org/}}, 
} 
@misc{Haskell, 
  author = {haskell.org}, 
  title = {The Haskell Programming Language},
  howpublished = {\url{haskell.org}}, 
}
@MISC{hquantlib, 
  author = {Pavel Ryzhov}, 
  title = {Hquantlib},
  howpublished = {\url{hackage.haskell.org/package/hquantlib}},
} 
@MISC{QuickCheck, 
  author =       "haskell.org", 
  title =        "Introduction to QuickCheck1",
  URL =         "http://www.haskell.org/haskellwiki/Introduction_to_QuickCheck", 
} 
@article{hughes:matters-cj,
    AUTHOR = {J. Hughes},
    TITLE = {{Why Functional Programming Matters}},
    JOURNAL = {Computer Journal},
    VOLUME = {32},
    NUMBER = {2},
    PAGES = {98--107},
    YEAR = {1989}
}
@inproceedings{hiperfit2010,
 author = {Berthold, Jost and Filinski, Andrzej and Henglein, Fritz and Larsen, Ken Friis and Steffensen, Mogens and Vinter, Brian},
 title = {Functional High Performance Financial IT: The Hiperfit Research Center in Copenhagen},
 booktitle = {Proceedings of the 12th International Conference on Trends in Functional Programming},
 series = {TFP'11},
 year = {2012},
 isbn = {978-3-642-32036-1},
 location = {Madrid, Spain},
 pages = {98--113},
 numpages = {16},
 url = {http://dx.doi.org/10.1007/978-3-642-32037-8_7},
 doi = {10.1007/978-3-642-32037-8_7},
 acmid = {2362973},
 publisher = {Springer-Verlag},
 address = {Berlin, Heidelberg},
}
@Book{HULL,
  author = {J. C. Hull},
  edition = {$8^{\text{th}}$},
  title = {Options, Futures, and Other Derivatives},
  publisher = {Prentice-Hall},
  year = {2012},
}
@Book{cmunk,
  author={Munk, Claus},
  title={Fixed Income Modelling},
  publisher={Oxford University Press},
  year=2011,
  url={http://ideas.repec.org/b/oxp/obooks/9780199575084.html}
}
@Book{alexander2008market,
  title={Market Risk Analysis, Practical Financial Econometrics},
  author={Alexander, C.},
  isbn={9780470771037},
  series={Market Risk Analysis},
  url={http://books.google.dk/books?id=XUDfylY6MO8C},
  year={2008},
  publisher={Wiley}
}
@inproceedings{composingcontracts,
  added-at = {2012-03-28T00:00:00.000+0200},
  author = {Jones, Simon L. Peyton and Eber, Jean-Marc and Seward, Julian},
  biburl = {http://www.bibsonomy.org/bibtex/2df28a0b7b17deade750a3442871ab9dd/dblp},
  booktitle = {ICFP},
  editor = {Odersky, Martin and Wadler, Philip},
  ee = {http://doi.acm.org/10.1145/351240.351267},
  interhash = {dbd98408ac4adffd51de1a9428431370},
  intrahash = {df28a0b7b17deade750a3442871ab9dd},
  isbn = {1-58113-202-6},
  keywords = {dblp},
  pages = {280-292},
  publisher = {ACM},
  timestamp = {2012-03-28T00:00:00.000+0200},
  title = {Composing contracts: an adventure in financial engineering, functional pearl.},
  url = {http://dblp.uni-trier.de/db/conf/icfp/icfp2000.html#JonesES00},
  year = 2000
}
